<?xml version="1.0" encoding="utf-8" standalone="no"?>
<!DOCTYPE Archive SYSTEM "http://greenstone.org/dtd/Archive/1.0/Archive.dtd">
<Archive>
<Section>
  <Description>
    <Metadata name="gsdlsourcefilename">import\advbeat_small\marc\locbeatles50.marc</Metadata>
    <Metadata name="gsdldoctype">indexed_doc</Metadata>
    <Metadata name="Language">en</Metadata>
    <Metadata name="Encoding">iso_8859_1</Metadata>
    <Metadata name="Source">locbeatles50.marc</Metadata>
    <Metadata name="SourceFile">locbeatles50.marc</Metadata>
    <Metadata name="SourceSegment">43</Metadata>
    <Metadata name="Plugin">MARCPlugin</Metadata>
    <Metadata name="dc.Format">MARC</Metadata>
    <Metadata name="FileFormat">MARC</Metadata>
    <Metadata name="dc.Title">Silver Beatles. Vol. 2 &amp;#091;sound recording&amp;#093;.</Metadata>
    <Metadata name="dc.Publisher">New York, N.Y. :</Metadata>
    <Metadata name="dc.Publisher">Phoenix 10,</Metadata>
    <Metadata name="dc.Date">p1982.</Metadata>
    <Metadata name="dc.Description">Brief record.</Metadata>
    <Metadata name="dc.Description">Searchin' -- Take good care of my baby -- Money -- To know him is to love him -- Three cool cats -- September rain -- Crying, waiting, hoping.</Metadata>
    <Metadata name="dc.Description">Performed by the Beatles.</Metadata>
    <Metadata name="dc.Subject">Rock music 1961-1970.</Metadata>
    <Metadata name="dc.Creator">Beatles. prf</Metadata>
    <Metadata name="Identifier">HASH7c575f57a57cfb45ab0033s43</Metadata>
    <Metadata name="lastmodified">1652351099</Metadata>
    <Metadata name="lastmodifieddate">20220512</Metadata>
    <Metadata name="oailastmodified">1652361754</Metadata>
    <Metadata name="oailastmodifieddate">20220512</Metadata>
    <Metadata name="assocfilepath">HASH7c57/5f57a57c/fb45ab00/33s43.dir</Metadata>
  </Description>
  <Content>&lt;pre&gt;
 LDR 00995njm  22003017a 4500
001     5750584
005     19950215074543.2
007     sdubsmennmpluu
008     950214s1982    nyuuun              eng  
035    _9 (DLC)   95775435
906    _a 7
       _b cbc
       _c orignew
       _d 3
       _e ncip
       _f 19
       _g y-genmusic
955    _a vn30
010    _a    95775435 
028 00 _a PHX 353
       _b Phoenix 10
035    _a (OCoLC)31989340 
040    _a DLC
       _c DLC
050 00 _a Phoenix 10 PHX 353
245 00 _a Silver Beatles.
       _n Vol. 2
       _h [sound recording].
260    _a New York, N.Y. :
       _b Phoenix 10,
       _c p1982.
300    _a 1 sound disc :
       _b analog, 33 1/3 rpm ;
       _c 12 in.
511 0  _a Performed by the Beatles.
505 0  _a Searchin' -- Take good care of my baby -- Money -- To
 know him is to love him -- Three cool cats -- September rain --
 Crying, waiting, hoping.
500    _a Brief record.
650  0 _a Rock music
       _y 1961-1970.
710 2  _a Beatles.
       _4 prf
953    _a TA28
985    _a 9502
991    _b c-RecSound
       _h Phoenix 10 PHX 353
       _w MUSIC
&lt;/pre&gt;
</Content>
</Section>
</Archive>
